@article{selina_leitfaden_nodate,
	title = {Leitfaden zum wissenschaftlichen {Arbeiten} in den {Studiengängen} {Information} {Science}, {Digital} {Business} {Management} und {Information} and {Data} {Management} an der {FH} {Graubünden}},
	language = {de},
	author = {Schädler, Selina},
	pages = {14},
	year = {2020},
	journal = {Moodle FHGR},
}
